<?xml version="1.0" encoding="UTF-8"?><record xmlns="http://www.loc.gov/MARC21/slim" xmlns:cinclude="http://apache.org/cocoon/include/1.0" xmlns:zs="http://www.loc.gov/zing/srw/">
  <leader>01665cz  a2200337n  4500</leader>
  <controlfield tag="001">no 95053039 </controlfield>
  <controlfield tag="003">DLC</controlfield>
  <controlfield tag="005">20160806075438.0</controlfield>
  <controlfield tag="008">951108n| azannaabn          |b ana      </controlfield>
  <datafield tag="010" ind1=" " ind2=" ">
    <subfield code="a">no 95053039 </subfield>
    <subfield code="z">nr 90001075 </subfield>
    <subfield code="z">n  79036034 </subfield>
  </datafield>
  <datafield tag="035" ind1=" " ind2=" ">
    <subfield code="a">(OCoLC)oca03955125</subfield>
  </datafield>
  <datafield tag="040" ind1=" " ind2=" ">
    <subfield code="a">DLC-S</subfield>
    <subfield code="b">eng</subfield>
    <subfield code="e">rda</subfield>
    <subfield code="c">DLC-S</subfield>
    <subfield code="d">DLC</subfield>
    <subfield code="d">DLC-S</subfield>
    <subfield code="d">OCoLC</subfield>
    <subfield code="d">IEN</subfield>
  </datafield>
  <datafield tag="110" ind1="2" ind2=" ">
    <subfield code="a">Jāmiʻat al-Zaytūnah (Tunis, Tunisia)</subfield>
  </datafield>
  <datafield tag="368" ind1=" " ind2=" ">
    <subfield code="a">Universities and colleges</subfield>
    <subfield code="2">lcsh</subfield>
  </datafield>
  <datafield tag="370" ind1=" " ind2=" ">
    <subfield code="c">Tunisia</subfield>
    <subfield code="e">Tunis (Tunisia)</subfield>
    <subfield code="2">naf</subfield>
  </datafield>
  <datafield tag="410" ind1="2" ind2=" ">
    <subfield code="a">Jāmiʻat al-Zaytūnah bi-Tūnis</subfield>
  </datafield>
  <datafield tag="410" ind1="2" ind2=" ">
    <subfield code="a">Jāmiʻah al-Zaytūnīyah</subfield>
  </datafield>
  <datafield tag="410" ind1="2" ind2=" ">
    <subfield code="a">Université zaytounienne (Tunis, Tunisia)</subfield>
  </datafield>
  <datafield tag="410" ind1="2" ind2=" ">
    <subfield code="a">Université az-Zaytouna (Tunis, Tunisia)</subfield>
  </datafield>
  <datafield tag="410" ind1="2" ind2=" ">
    <subfield code="a">Zaytouna (Tunis, Tunisia)</subfield>
  </datafield>
  <datafield tag="410" ind1="2" ind2=" ">
    <subfield code="a">Université ezzitouna (Tunis, Tunisia)</subfield>
  </datafield>
  <datafield tag="410" ind1="2" ind2=" ">
    <subfield code="a">University of al-Zitouna (Tunis, Tunisia)</subfield>
  </datafield>
  <datafield tag="410" ind1="2" ind2=" ">
    <subfield code="a">جامعة الزيتونة (تونس)</subfield>
  </datafield>
  <datafield tag="410" ind1="2" ind2=" ">
    <subfield code="a">جامعة الزيتونة (Tunis, Tunisia)</subfield>
  </datafield>
  <datafield tag="667" ind1=" " ind2=" ">
    <subfield code="a">Machine-derived non-Latin script reference project.</subfield>
  </datafield>
  <datafield tag="667" ind1=" " ind2=" ">
    <subfield code="a">Non-Latin script references not evaluated.</subfield>
  </datafield>
  <datafield tag="670" ind1=" " ind2=" ">
    <subfield code="a">Majallat Jāmiʻat al-Zaytūnah, 1993:</subfield>
    <subfield code="b">t.p. (Jāmiʻat al-Zaytūnah; Jāmiʻat al-Zaytūnah bi-Tūnis)</subfield>
  </datafield>
  <datafield tag="670" ind1=" " ind2=" ">
    <subfield code="a">al-Majallah al-Zaytūnīyah, 1955:</subfield>
    <subfield code="b">t.p. (al-Jāmiʻah al-Zaytūnīyah [university])</subfield>
  </datafield>
  <datafield tag="670" ind1=" " ind2=" ">
    <subfield code="a">ʻAbd al-Mawlá, M. L'Université zaytounienne et la société tunisienne, 1984:</subfield>
    <subfield code="b">p. 182, etc. (Université az-Zaytouna; la Zaytouna)</subfield>
  </datafield>
  <datafield tag="670" ind1=" " ind2=" ">
    <subfield code="a">Mishkāh (Tunis, Tunisia), sanat 2003:</subfield>
    <subfield code="b">t.p. (Jāmiʻat al-Zaytūnah) cover p. 4 (Université ezzitouna)</subfield>
  </datafield>
  <datafield tag="670" ind1=" " ind2=" ">
    <subfield code="a">Ibadi theology, 2015:</subfield>
    <subfield code="b">page 328 (University of al-Zitouna (Tunis))</subfield>
  </datafield>
</record>